%% This BibTeX bibliography file was created using BibDesk.
%% http://bibdesk.sourceforge.net/



%% Created for Dennis Kluge at 2010-12-16 11:41:01 +0100 


G%% Saved with string encoding Unicode (UTF-8) 




@MISC{wiki:digital_native,
  AUTHOR = "Wikipedia",
  TITLE  = "Digital Native",
  YEAR   = "2010",
  MONTH = "Dezember",
  HOWPUBLISHED = {\url{http://de.wikipedia.org/wiki/Digital_native}},
  NOTE         = "zuletzt abgerufen am 16. Dezember 2010"
}

@book{book:JavaEE,
  author = "Antonio Goncalves",
    title =  "Beginning Java EE 6 Plattform with GlassFish 3, 1. Auflage",
    publisher = "APress",
    year =  2009
}

@book{book:JAX-RS,
  author = "Bill Burke",
    title =  "RESTful Java with JAX-RS, 1. Auflage",
    publisher = "O'Reilly",
    year =  2010
}

@book{book:objective-c,
  author = "Stephen G. Koch",
    title =  "Programming in Objective-C 2.0, 2. Auflage",
    publisher = "Addison Wesley",
    year  =  2009  
}

@ONLINE{ubuntu:apt,
  author = {ubuntu documentation},
  title = {Apt-Get},
  month = Januar,
  year = {2011},
  note = "zuletzt abgerufen am 10. Januar 2011",
  howpublished = {\url{https://help.ubuntu.com/8.04/serverguide/C/apt-get.html}}
}

@book{book:linux,
  author = "Johannes Pl√∂tner, Steffen Wendel",
    title =  "Linux - Das umfassende Handbuch, 3. Auflage",
    publisher = "Galileo Computing",
    year =  2009
}
@book{book:patterns,
  author = "Adam Bien",
    title =  "Java EE 5 Architekturen, 1. Auflage",
    publisher = "entwickler.press",
    year =  2007
}
@MISC{objc:json,
  AUTHOR = "Stig Brautaset",
  TITLE  = "JSON-Framework",
  YEAR   = "2011",
  MONTH = "Januar",
  HOWPUBLISHED = {\url{http://stig.github.com/json-framework/}},
  NOTE         = "zuletzt abgerufen am 19. Januar 2011"
}

@book{book:iPhone,
  author = "Bill Dudney, Chris Adamson",
    title =  "iPhone SDK Development, 1. Auflage",
    publisher = "Pragmatic Bookshelf",
    year  =  2009  
}

